<?xml version='1.0' encoding='UTF-8'?>
<record xmlns="http://www.loc.gov/MARC21/slim">
  <leader>01062cam a2200253 a 4500</leader>
  <controlfield tag="001">2743992</controlfield>
  <controlfield tag="003">NjP</controlfield>
  <controlfield tag="005">20171006172515.0</controlfield>
  <controlfield tag="008">850104s1873    tu            000 0 araod</controlfield>
  <datafield tag="024" ind1="7" ind2=" ">
    <subfield code="a">princeton_aco002596</subfield>
    <subfield code="2">local</subfield>
  </datafield>
  <datafield ind1=" " ind2=" " tag="035">
    <subfield code="a">(OCoLC)ocm11545115</subfield>
  </datafield>
  <datafield ind1=" " ind2=" " tag="035">
    <subfield code="9">CND4606TS</subfield>
  </datafield>
  <datafield ind1=" " ind2=" " tag="040">
    <subfield code="a">WAU</subfield>
    <subfield code="c">WAU</subfield>
    <subfield code="d">PUL</subfield>
  </datafield>
  <datafield ind1="1" ind2=" " tag="041">
    <subfield code="a">ara</subfield>
    <subfield code="h">fre</subfield>
  </datafield>
  <datafield ind1=" " ind2=" " tag="043">
    <subfield code="a">f-ua---</subfield>
  </datafield>
  <datafield ind1="1" ind2=" " tag="100">
    <subfield code="a">Falakī, Maḥmūd Bāshā,</subfield>
    <subfield code="d">1814 or 1815-1885.</subfield>
    <subfield code="0">http://id.loc.gov/authorities/names/no2001052857</subfield>
  </datafield>
  <datafield ind1="1" ind2="0" tag="240">
    <subfield code="a">Système métrique actuel d'Egypte.</subfield>
    <subfield code="l">Arabic</subfield>
  </datafield>
  <datafield ind1="1" ind2="0" tag="245">
    <subfield code="a">Risālah fī al-maqāyīs wa-al-makāyīl al-ʻamalīyah bi-al-Diyār al-Miṣrīyah /</subfield>
    <subfield code="c">Maḥmūd al-Falakī ; wa-tarjamahā ilá al-ʻArabīyah Zīvar Afandī.</subfield>
  </datafield>
  <datafield ind1=" " ind2=" " tag="260">
    <subfield code="a">al-Āsitānah al-ʻAlīyah :</subfield>
    <subfield code="b">Maṭbaʻat al-Jawāʼib,</subfield>
    <subfield code="c">1290 [1873]</subfield>
  </datafield>
  <datafield ind1=" " ind2=" " tag="300">
    <subfield code="a">32 p. ;</subfield>
    <subfield code="c">21 cm.</subfield>
  </datafield>
  <datafield ind1=" " ind2=" " tag="500">
    <subfield code="a">Translation of: Le système métrique actuel d'Egypte.</subfield>
  </datafield>
  <datafield ind1=" " ind2="0" tag="650">
    <subfield code="a">Weights and measures</subfield>
    <subfield code="z">Egypt.</subfield>
  </datafield>
  <datafield ind1="2" ind2=" " tag="710">
    <subfield code="a">Maṭbaʻat al-Jawāʼib.</subfield>
  </datafield>
  <datafield ind1=" " ind2=" " tag="945">
    <subfield code="a">F</subfield>
    <subfield code="b">1</subfield>
    <subfield code="c">2269.3217.379</subfield>
  </datafield>
  <datafield ind1=" " ind2=" " tag="911">
    <subfield code="a">20000130</subfield>
  </datafield>
  <datafield ind1="0" ind2="0" tag="852">
    <subfield code="0">3054662</subfield>
    <subfield code="b">nec</subfield>
    <subfield code="h">QC91</subfield>
    <subfield code="i">.F353 1873</subfield>
  </datafield>
  <datafield ind1=" " ind2=" " tag="959">
    <subfield code="a">2011-07-27 15:40:47 -0500</subfield>
  </datafield>
</record>
